@article{henniart,
author = {Henniart, Guy},
title = {Correspondance de Langlands et Fonctions L des carrés Extérieur et Symétrique},
journal = {International Mathematics Research Notices},
volume = {2010},
number = {4},
pages = {633-673},
year = {2010},
doi = {10.1093/imrn/rnp150},
URL = {http://dx.doi.org/10.1093/imrn/rnp150},
eprint = {/oup/backfile/content_public/journal/imrn/2010/4/10.1093/imrn/rnp150/2/rnp150.pdf}
}

@article{jacquet-shalika,
  title={Exterior square L-functions},
  author={Jacquet, Herv{\'e} and Shalika, Joseph},
  journal={Automorphic forms, Shimura varieties, and L-functions},
  volume={2},
  pages={143--226},
  year={1990}
}

@article{kable,
  title={Asai L-functions and Jacquet's conjecture},
  author={Kable, Anthony C},
  journal={American journal of mathematics},
  volume={126},
  number={4},
  pages={789--820},
  year={2004},
  publisher={Johns Hopkins University Press}
}

@article{belt,
  title={On the holomorphy of exterior-square L-functions},
  author={Belt, Dustin},
  journal={arXiv preprint arXiv:1108.2200},
  year={2011}
}

@article{matringe,
  title={Linear and Shalika local periods for the mirabolic group, and some consequences},
  author={Matringe, Nadir},
  journal={Journal of Number Theory},
  volume={138},
  pages={1--19},
  year={2014},
  publisher={Elsevier}
}

@article{waldspurger, title={LA FORMULE DE PLANCHEREL POUR LES GROUPES p-ADIQUES. D’APReS HARISH-CHANDRA}, volume={2}, DOI={10.1017/S1474748003000082}, number={2}, journal={Journal of the Institute of Mathematics of Jussieu}, publisher={Cambridge University Press}, author={Waldspurger, J.-L.}, year={2003}, pages={235–333}}