@article{henniart,
author = {Henniart, Guy},
title = {Correspondance de Langlands et Fonctions L des carrés Extérieur et Symétrique},
journal = {International Mathematics Research Notices},
volume = {2010},
number = {4},
pages = {633-673},
year = {2010},
doi = {10.1093/imrn/rnp150},
URL = {http://dx.doi.org/10.1093/imrn/rnp150},
eprint = {/oup/backfile/content_public/journal/imrn/2010/4/10.1093/imrn/rnp150/2/rnp150.pdf}
}

@article{jacquet-shalika,
  title={Exterior square L-functions},
  author={Jacquet, Herv{\'e} and Shalika, Joseph},
  journal={Automorphic forms, Shimura varieties, and L-functions},
  volume={2},
  pages={143--226},
  year={1990}
}

@article{kable,
  title={Asai L-functions and Jacquet's conjecture},
  author={Kable, Anthony C},
  journal={American journal of mathematics},
  volume={126},
  number={4},
  pages={789--820},
  year={2004},
  publisher={Johns Hopkins University Press}
}